% Encoding: UTF-8

@Book{mischasch,
  title     = {Information Transmission, Modulation and Noise},
  publisher = {McGraw-Hill College},
  year      = {1990},
  author    = {Mischa Schwartz},
  isbn      = {9780070559097},
}

@Book{9780072957167,
  title     = {Digital Communications},
  publisher = {McGraw-Hill},
  year      = {2008},
  author    = {John G. Proakis and Masoud Salehi},
  edition   = {5ed},
  isbn      = {9780072957167},
}

@Comment{jabref-meta: databaseType:bibtex;}

@inproceedings{Bennet84,
  title={Quantum cryptography: Public key distribution and coin tossing},
  author={Bennet, Charles H},
  booktitle={Proc. of IEEE Int. Conf. on Comp., Syst. and Signal Proc., Bangalore, India, Dec. 10-12, 1984},
  year={1984}
}

@book{Gerry05,
  title={Introductory quantum optics},
  author={Gerry, Christopher and Knight, Peter},
  year={2005},
  publisher={Cambridge university press}
}

@article{Muga11,
  title={QBER estimation in QKD systems with polarization encoding},
  author={Muga, Nelson J and Ferreira, M{\'a}rio FS and Pinto, Armando N},
  journal={Journal of Lightwave Technology},
  volume={29},
  number={3},
  pages={355--361},
  year={2011},
  publisher={IEEE}
}

@article{Muga15,
  title={Extended Kalman filter vs. geometrical approach for stokes space-based polarization demultiplexing},
  author={Muga, Nelson J and Pinto, Armando N},
  journal={Journal of Lightwave Technology},
  volume={33},
  number={23},
  pages={4826--4833},
  year={2015},
  publisher={IEEE}
}

@article{Czegledi16,
  title={Polarization drift channel model for coherent fibre-optic systems},
  author={Czegledi, Cristian B and Karlsson, Magnus and Agrell, Erik and Johannisson, Pontus},
  journal={Scientific reports},
  volume={6},
  pages={21217},
  year={2016},
  publisher={Nature Publishing Group}
}